%Einleitung
@misc{ intro:ruag,
   author = "Thomas Knellwolf",
   title = "Cyber-Attacke auf die Ruag: Bundesrat setzt Taskforce ein",
   year = "2016",
   url = " http://www.tagesanzeiger.ch/schweiz/standard/CyberAttacke-auf-die-Ruag-Bundesrat-setzt-Taskforce-ein/story/29638139",
   note = "[Online; Zugegriffen 18-November-2016]"
 }

%Analyse
%%Command & Control
 @misc{ wiki:apt,
   author = "Wikipedia",
   title = "Advanced Persistent Threat",
   year = "2016",
   url = "https://de.wikipedia.org/wiki/Advanced_Persistent_Threat",
   note = "[Online; Zugegriffen 24-October-2016]"
 }

@misc{ curthreat,
   author = "FireEye",
   title = "Anatomy of Advanced Persistent Threats",
   year = "2016",
   url = "https://www.fireeye.com/current-threats/anatomy-of-a-cyber-attack.html",
   note = "[Online; Zugegriffen 24-October-2016]"
 }


%%Proxy

 @misc{ wiki:proxy,
   author = "Wikipedia",
   title = "Proxy (Rechnernetz)",
   year = "2016",
   url = "https://de.wikipedia.org/wiki/Proxy_(Rechnernetz)",
   note = "[Online; Zugegriffen 02-October-2016]"
 }

 %%Connect

@misc{rfc2817,
   author = "R. Khare, S. Lawrence",
   title = "Upgrading to TLS Within HTTP/1.1",
   year = "2000",
   url = "https://tools.ietf.org/rfc/rfc2817",
   note = "[Online; Zugegriffen 03-October-2016]"
 }

%%SSL Splitting
 @misc{ sslsplit,
   author = "Daniel Roethlisberger",
   title = "SSLsplit - transparent SSL/TLS interception",
   year = "2016",
   url = "https://www.roe.ch/SSLsplit",
   note = "[Online; Zugegriffen 02-October-2016]"
 }


%%Iptables

@misc{ wiki:iptables,
  author = "Wikipedia",
  title = "iptables",
  year = "2016",
  url = "https://de.wikipedia.org/wiki/Iptables",
  note = "[Online; Zugegriffen 15-october-2016]"

}

 @misc{ Iptables,
   author = "Ubuntu",
   title = "IptablesHowTo",
   year = "2016",
   url = "https://help.ubuntu.com/community/IptablesHowTo",
   note = "[Online; Zugegriffen 15-October-2016]"
 }




%%Logging

%%% Squid Logging
@misc{ squid:log,
   author = "squid-cache",
   title = "Squid configuration directive logformat",
   year = "2016",
   url = " http://www.squid-cache.org/Doc/config/logformat/ ",
   note = "[Online; Zugegriffen 30-October-2016]"
 }

%%%Packetbeat

@misc{ elastic:packetbeat,
   author = "Elastic",
   title = "Packetbeat: Transaction Protocols Configuration",
   year = "2016",
   url = "https://www.elastic.co/guide/en/beats/packetbeat/current/configuration-protocols.html",
   note = "[Online; Zugegriffen 30-October-2016]"
 }


%%%TCPDUMP
@misc{ tcpdump,
   author = "linux\_joy",
   title = "tcpdump",
   year = "2016",
   url = "https://wiki.ubuntuusers.de/tcpdump/",
   note = "[Online; Zugegriffen 28-October-2016]"
 }

%%%SSLDUMP
@misc{ ssldump,
   author = "Eric Rescorla",
   title = "ssldump - Linux man page",
   year = "2016",
   url = "https://linux.die.net/man/1/ssldump",
   note = "[Online; Zugegriffen 28-October-2016]"
 }

%%%ICAP

@misc{ wiki:icap,
   author = "Wikipedia",
   title = "Internet Content Adaptation Protocol",
   year = "2016",
   url = " https://de.wikipedia.org/wiki/Internet_Content_Adaptation_Protocol",
   note = "[Online; Zugegriffen 25-October-2016]"
 }

%%RFC3507 ICAP
@misc{ rfc3507,
   author = "J. Elson, A. Cerpa",
   title = "Internet Content Adaptation Protocol (ICAP)",
   year = "2003",
   url = "https://tools.ietf.org/html/rfc3507",
   note = "[Online; Zugegriffen 25-October-2016]"
 }

 %%%Elasticsearch
@online{elastic:elasticsearch,
   title = "Elasticsearch - Key Features by Alan Hardy",
   date = "2016",
   organization = "Elastic",
   author = "Alan Hardy",
   url = "https://www.elastic.co/videos/elasticsearch-key-features-by-alan-hardy",
   note = "[Online; Zugegriffen 28-October-2016]"
}

 %%%Kibana

 @misc{ elastic:kibana,
   author = "Elastic",
   title = "Your Window into the Elastic Stack",
   year = "2016",
   url = "https://www.elastic.co/products/kibana",
   note = "[Online; Zugegriffen 28-October-2016]"
 }

 %%%Logstash

  @misc{ elastic:logstash,
   author = "Elastic",
   title = "Centralize, Transform \& Stash Your Data",
   year = "2016",
   url = " https://www.elastic.co/products/logstash",
   note = "[Online; Zugegriffen 28-October-2016]"
 }

%%%RabbitMQ
  @misc{ elastic:logstash:rabbitmq,
   author = "Elastic",
   title = "rabbitmq",
   year = "2016",
   url = " https://www.elastic.co/guide/en/logstash/current/plugins-inputs-rabbitmq.html",
   note = "[Online; Zugegriffen 28-October-2016]"
 }



 %Proof of Concept
 %%Prototyp V1
   @misc{ fiddler:doku,
   author = "Wikidot.com",
   title = "Fiddler Wiki",
   year = "2016",
   url = " http://fiddler.wikidot.com/",
   note = "[Online; Zugegriffen 30-September-2016]"
 }

@misc{ fiddler:book,
   author = "Eric Lawrence",
   title = "Debugging with Fiddler",
   year = "2016",
   url = "https://fiddlerbook.com/",
   note = "[Online; Zugegriffen 30-September-2016]"
 }

 @misc{ msdn,
   author = "Microsoft",
   title = "Microsoft Developer Network",
   year = "2016",
   url = "https://msdn.microsoft.com",
   note = "[Online; Zugegriffen 01-Oktober-2016]"
 }

 %%Documentation als Artikel (exe)
 @article{ fiddler:apidoku,
   author = "FiddlerCore",
   title = "FiddlerCore Documentation",
   year = "2016",
 }

%%UML Buch

@book{uml2,
	Author = {Craig Larman},
	Date-Modified = {2015-12-06 13:10:05 +0000},
	Isbn = {978-3-8266-1453-8},
	Publisher = {mitp},
	Title = {UML 2 und Patterns angewendet Objektorientierter Softwareentwicklung},
	Year = 2005}

%%Testing
@misc{testprotocol,
   author = "Testprotokoll",
   title = "Ergebnis: Testprotokoll",
   year = "2016",
   url = " http://www.hermes.admin.ch/szenarien/szenario_50_Alles/scenario/de/ergebnis_testprotokoll.html",
   note = "[Online; Zugegriffen 30-November-2016]"
 }

@misc{locust,
   author = "Locust",
   title = "Locust Documentation",
   year = "2016",
   url = "http://docs.locust.io/en/latest/",
   note = "[Online; Zugegriffen 5-Dezember-2016]"
 }


%Projektmanagement
%%Scrum Doku
@article{Scrum,
    author = "Ken Schwaber, Jeff Sutherland",
    title = "Der Scrum Guide - Der gültige Leitfaden für Scrum",
    year = 2013,
 }

%%Gitlab CI Doku
@misc{gitlab_ci,
   author = "GitLab",
   title = "GitLab CI Documentation",
   year = "2016",
   url = " https://docs.gitlab.com/ee/ci/README.html",
   note = "[Online; Zugegriffen 24-September-2016]"
 }

 %%Jira Doku
  @misc{jiradoku,
   author = "Atlassian",
   title = "JIRA Documentation",
   year = "2016",
   url = "https://confluence.atlassian.com/jira/jira-documentation-1556.html",
   note = "[Online; Zugegriffen 22-September-2016]"
 }


%%Slack Doku Integrations ...
@misc{slackdoku,
   author = "Slack",
   title = "Incoming Webhooks",
   year = "2016",
   url = "https://api.slack.com/incoming-webhooks",
   note = "[Online; Zugegriffen 24-September-2016]"
 }
